
@article{Zhang2011,
author = {Zhang, Jon},
year = {2011},
month = {12},
pages = {50-63},
title = {Pore pressure prediction from well logs: Methods, modifications, and new approaches},
volume = {108},
journal = {Earth-science Reviews - EARTH-SCI REV},
doi = {10.1016/j.earscirev.2011.06.001}
}
